<marcxml:record xmlns:marcxml="http://www.loc.gov/MARC21/slim" xmlns:idx="info:lc/xq-modules/lcindex" xmlns:madsrdf="http://www.loc.gov/mads/rdf/v1#" xmlns:ri="http://id.loc.gov/ontologies/RecordInfo#" xmlns:xlink="http://www.w3.org/1999/xlink" xmlns:rdf="http://www.w3.org/1999/02/22-rdf-syntax-ns#" xmlns:mets="http://www.loc.gov/METS/" xmlns:semtriples="http://marklogic.com/semantic" xmlns:xsi="http://www.w3.org/2001/XMLSchema-instance" xmlns:streams="info:lc/streams#">
            <marcxml:leader>00443nz  a2200169n  4500</marcxml:leader>
            <marcxml:controlfield tag="001">sh85087419</marcxml:controlfield>
            <marcxml:controlfield tag="003">DLC</marcxml:controlfield>
            <marcxml:controlfield tag="005">19920612153554.9</marcxml:controlfield>
            <marcxml:controlfield tag="008">860211i| anannbab|          |a ana |||  </marcxml:controlfield>
            <marcxml:datafield tag="010" ind1=" " ind2=" ">
              <marcxml:subfield code="a">sh 85087419 </marcxml:subfield>
            </marcxml:datafield>
            <marcxml:datafield tag="040" ind1=" " ind2=" ">
              <marcxml:subfield code="a">DLC</marcxml:subfield>
              <marcxml:subfield code="c">DLC</marcxml:subfield>
              <marcxml:subfield code="d">DLC</marcxml:subfield>
            </marcxml:datafield>
            <marcxml:datafield tag="053" ind1=" " ind2=" ">
              <marcxml:subfield code="a">NA3750</marcxml:subfield>
              <marcxml:subfield code="b">NA3850</marcxml:subfield>
              <marcxml:subfield code="c">Architectural decoration</marcxml:subfield>
            </marcxml:datafield>
            <marcxml:datafield tag="053" ind1=" " ind2=" ">
              <marcxml:subfield code="a">NK5430</marcxml:subfield>
              <marcxml:subfield code="c">Glass</marcxml:subfield>
            </marcxml:datafield>
            <marcxml:datafield tag="053" ind1=" " ind2=" ">
              <marcxml:subfield code="a">NK8500</marcxml:subfield>
              <marcxml:subfield code="c">Ornaments and jewelry</marcxml:subfield>
            </marcxml:datafield>
            <marcxml:datafield tag="150" ind1=" " ind2="0">
              <marcxml:subfield code="a">Mosaics</marcxml:subfield>
            </marcxml:datafield>
            <marcxml:datafield tag="550" ind1=" " ind2="0">
              <marcxml:subfield code="w">g</marcxml:subfield>
              <marcxml:subfield code="a">Decoration and ornament</marcxml:subfield>
            </marcxml:datafield>
            <marcxml:datafield tag="550" ind1=" " ind2="0">
              <marcxml:subfield code="w">g</marcxml:subfield>
              <marcxml:subfield code="a">Decorative arts</marcxml:subfield>
            </marcxml:datafield>
          </marcxml:record>
